@ARTICLE{1217267,

  author={Figueiredo, M.A.T. and Nowak, R.D.},

  journal={IEEE Transactions on Image Processing}, 

  title={An EM algorithm for wavelet-based image restoration}, 

  year={2003},

  volume={12},

  number={8},

  pages={906-916},

  keywords={Image restoration;Wavelet domain;Discrete wavelet transforms;Iterative algorithms;Deconvolution;Image reconstruction;Wavelet coefficients;Optimization methods;Image representation;Discrete Fourier transforms},

  doi={10.1109/TIP.2003.814255}}
